% Use this file for citations not found in the ACL Anthology (contained in "anthology.bib").

@inproceedings{foppiano:hal-02870896,
  TITLE = {{Proposal for Automatic Extraction Framework of Superconductors Related Information from Scientific Literature}},
  AUTHOR = {Foppiano, Luca and Dieb, Thaer M and Suzuki, Akira and Ishii, Masashi},
  URL = {https://hal.archives-ouvertes.fr/hal-02870896},
  BOOKTITLE = {{The Institute of Electronics, Information and Communication (IEICE) - Services Computing Research Group - 2019, First Research Meeting
, The 43rd Joint Meeting of MaDIS Research Exchange Group}},
  ADDRESS = {Tsukuba, Japan},
  YEAR = {2019},
  MONTH = May,
  KEYWORDS = {Material Informatics ; Superconductors ; Machine Learning ; NLP ; TDM},
  PDF = {https://hal.archives-ouvertes.fr/hal-02870896/file/Proposal_for_Automatic_Extraction_Framework_of_Superconductors_related_Information_from_Scientific_literature.pdf},
  HAL_ID = {hal-02870896},
  HAL_VERSION = {v1},
}